[gd_scene load_steps=15 format=2]

[ext_resource path="res://player1.gd" type="Script" id=1]
[ext_resource path="res://souris/personoir_droite_00000.png" type="Texture" id=2]
[ext_resource path="res://souris/personoir_marche_00007.png" type="Texture" id=3]
[ext_resource path="res://souris/personoir_marche_00006.png" type="Texture" id=4]
[ext_resource path="res://souris/personoir_droite_00001.png" type="Texture" id=5]
[ext_resource path="res://souris/personoir_droite_00002.png" type="Texture" id=6]
[ext_resource path="res://souris/personoir_droite_00003.png" type="Texture" id=7]
[ext_resource path="res://souris/personoir_droite_00004.png" type="Texture" id=8]
[ext_resource path="res://souris/personoir_droite_00005.png" type="Texture" id=9]
[ext_resource path="res://souris/personoir_droite_00006.png" type="Texture" id=10]
[ext_resource path="res://souris/personoir_droite_00007.png" type="Texture" id=11]
[ext_resource path="res://souris/fond.png" type="Texture" id=12]

[sub_resource type="SpriteFrames" id=1]
animations = [ {
"frames": [ ExtResource( 2 ), ExtResource( 3 ), ExtResource( 4 ) ],
"loop": true,
"name": "statique",
"speed": 4.0
}, {
"frames": [ ExtResource( 2 ), ExtResource( 5 ), ExtResource( 6 ), ExtResource( 7 ), ExtResource( 8 ), ExtResource( 9 ), ExtResource( 10 ), ExtResource( 11 ) ],
"loop": true,
"name": "marche",
"speed": 5.0
} ]

[sub_resource type="CircleShape2D" id=2]
radius = 23.0

[node name="player1" type="KinematicBody2D"]
script = ExtResource( 1 )

[node name="AnimatedSprite" type="AnimatedSprite" parent="."]
position = Vector2( -35.4413, -34.754 )
scale = Vector2( 0.0782582, 0.0697802 )
frames = SubResource( 1 )
animation = "statique"
playing = true
centered = false

[node name="CollisionShape2D" type="CollisionShape2D" parent="."]
position = Vector2( -2.77493, 1.41229 )
shape = SubResource( 2 )

[node name="Camera2D" type="Camera2D" parent="."]
current = true

[node name="ParallaxBackground" type="ParallaxBackground" parent="."]

[node name="ParallaxLayer" type="ParallaxLayer" parent="ParallaxBackground"]
motion_offset = Vector2( 1, 1 )
motion_mirroring = Vector2( 1069, 360 )

[node name="Sprite" type="Sprite" parent="ParallaxBackground/ParallaxLayer"]
position = Vector2( 44.3656, 60.2107 )
scale = Vector2( 0.5, 0.5 )
texture = ExtResource( 12 )
