[gd_scene load_steps=16 format=2]

[ext_resource path="res://startMenu.gd" type="Script" id=1]
[ext_resource path="res://source/alterkasai.tres" type="DynamicFont" id=2]
[ext_resource path="res://source/space01.png" type="Texture" id=3]
[ext_resource path="res://source/space02.png" type="Texture" id=4]
[ext_resource path="res://source/space03.png" type="Texture" id=5]
[ext_resource path="res://source/space04.png" type="Texture" id=6]
[ext_resource path="res://source/space05.png" type="Texture" id=7]
[ext_resource path="res://source/space06.png" type="Texture" id=8]
[ext_resource path="res://source/space07.png" type="Texture" id=9]
[ext_resource path="res://source/space08.png" type="Texture" id=10]
[ext_resource path="res://source/space09.png" type="Texture" id=11]
[ext_resource path="res://source/space10.png" type="Texture" id=12]
[ext_resource path="res://source/space11.png" type="Texture" id=13]
[ext_resource path="res://source/space12.png" type="Texture" id=14]

[sub_resource type="SpriteFrames" id=1]
animations = [ {
"frames": [ ExtResource( 3 ), ExtResource( 4 ), ExtResource( 5 ), ExtResource( 6 ), ExtResource( 7 ), ExtResource( 8 ), ExtResource( 9 ), ExtResource( 10 ), ExtResource( 11 ), ExtResource( 12 ), ExtResource( 13 ), ExtResource( 14 ) ],
"loop": true,
"name": "default",
"speed": 6.96
} ]

[node name="startMenu" type="Control"]
anchor_right = 1.0
anchor_bottom = 1.0
script = ExtResource( 1 )

[node name="CenterContainer" type="CenterContainer" parent="."]
anchor_left = 0.5
anchor_top = 0.5
anchor_right = 0.5
anchor_bottom = 0.5
margin_left = -135.0
margin_top = 50.0
margin_right = 135.0
margin_bottom = 63.5

[node name="HBoxContainer" type="VBoxContainer" parent="CenterContainer"]
margin_left = 6.0
margin_right = 264.0
margin_bottom = 122.0
alignment = 2

[node name="startGame" type="Button" parent="CenterContainer/HBoxContainer"]
modulate = Color( 0.968627, 0.509804, 1, 1 )
self_modulate = Color( 1, 0.996078, 0.745098, 1 )
margin_right = 258.0
margin_bottom = 59.0
custom_fonts/font = ExtResource( 2 )
custom_colors/font_color_disabled = Color( 1, 0.960784, 0.960784, 1 )
custom_colors/font_color = Color( 1, 0.968627, 0.968627, 1 )
custom_colors/font_color_hover = Color( 0.972549, 0.294118, 0.294118, 1 )
custom_colors/font_color_pressed = Color( 0.976471, 0.431373, 0.431373, 1 )
text = "Commencer"

[node name="quitGame" type="Button" parent="CenterContainer/HBoxContainer"]
modulate = Color( 0.756863, 0.819608, 0.898039, 1 )
self_modulate = Color( 1, 0.454902, 0.454902, 1 )
margin_top = 63.0
margin_right = 258.0
margin_bottom = 122.0
custom_fonts/font = ExtResource( 2 )
text = "Quitter"

[node name="instructions" type="Label" parent="."]
anchor_left = 0.5
anchor_right = 0.5
margin_left = -478.955
margin_top = 17.494
margin_right = 82.0451
margin_bottom = 585.494
rect_scale = Vector2( 2, 2 )
custom_fonts/font = ExtResource( 2 )
text = "Nous évoluons 
ensemble.
Nos points de vue
se croisent et
se complètent.

"

[node name="Hello" type="Label" parent="."]
anchor_left = 0.5
anchor_right = 0.5
margin_left = -507.0
margin_top = 145.0
margin_right = 5.0
margin_bottom = 713.0
rect_scale = Vector2( 2, 2 )
custom_fonts/font = ExtResource( 2 )
text = "JEU VIDÉ-A 

"
align = 1
__meta__ = {
"_edit_lock_": true
}

[node name="AnimatedSprite" type="AnimatedSprite" parent="."]
position = Vector2( 564.83, 466.942 )
scale = Vector2( 1.25, 1.25 )
z_index = -1
frames = SubResource( 1 )
frame = 1
playing = true
__meta__ = {
"_edit_lock_": true
}
[connection signal="pressed" from="CenterContainer/HBoxContainer/startGame" to="." method="_on_startGame_pressed"]
[connection signal="pressed" from="CenterContainer/HBoxContainer/quitGame" to="." method="_on_quitGame_pressed"]
